@article{Ball:2014uwa,
    author = "Ball, Richard D. and others",
    collaboration = "NNPDF",
    title = "{Parton distributions for the LHC Run II}",
    eprint = "1410.8849",
    archivePrefix = "arXiv",
    primaryClass = "hep-ph",
    reportNumber = "EDINBURGH-2014-15, IFUM-1034-FT, CERN-PH-TH-2013-253, OUTP-14-11P, CAVENDISH-HEP-14-11",
    doi = "10.1007/JHEP04(2015)040",
    journal = "JHEP",
    volume = "04",
    pages = "040",
    year = "2015"
}
